<record><leader>00000cas a22000007a 4500</leader><controlfield tag="001">10359643</controlfield><controlfield tag="008">840131d18551892maucr ne      0    0eng d</controlfield><datafield ind1=" " ind2=" " tag="010"><subfield code="a">sn 84022244 </subfield></datafield><datafield ind1=" " ind2=" " tag="040"><subfield code="a">NPX</subfield><subfield code="b">eng</subfield><subfield code="c">NPX</subfield><subfield code="d">NPY</subfield><subfield code="d">DLC</subfield><subfield code="d">MGN</subfield><subfield code="d">OCLCG</subfield><subfield code="d">OCLCQ</subfield><subfield code="d">NDD</subfield></datafield><datafield ind1=" " ind2=" " tag="042"><subfield code="a">msc</subfield></datafield><datafield ind1=" " ind2=" " tag="043"><subfield code="a">n-us-ma</subfield></datafield><datafield ind1="0" ind2="0" tag="050"><subfield code="a">Newspaper 8160-X</subfield></datafield><datafield ind1="0" ind2=" " tag="130"><subfield code="a">Boston traveller (Boston, Mass. : 1855)</subfield></datafield><datafield ind1="1" ind2="0" tag="245"><subfield code="a">Boston traveller.</subfield></datafield><datafield ind1="1" ind2="3" tag="246"><subfield code="a">Boston semi-weekly traveller</subfield></datafield><datafield ind1="3" ind2="0" tag="246"><subfield code="a">Boston semiweekly traveller</subfield></datafield><datafield ind1=" " ind2=" " tag="260"><subfield code="a">Boston [Mass.] :</subfield><subfield code="b">Worthington, Flanders &amp; Co.</subfield></datafield><datafield ind1=" " ind2=" " tag="300"><subfield code="a">v. ;</subfield><subfield code="c">69-80 cm.</subfield></datafield><datafield ind1=" " ind2=" " tag="310"><subfield code="a">Semiweekly</subfield></datafield><datafield ind1="1" ind2=" " tag="362"><subfield code="a">Began July 5, 1855? Ceased in 1892?</subfield></datafield><datafield ind1=" " ind2=" " tag="500"><subfield code="a">"Semi-weekly" appears in masthead ornament, &lt;1861, 1869, 1877,1881&gt;.</subfield></datafield><datafield ind1=" " ind2=" " tag="500"><subfield code="a">Publishers: Worthington, Flanders &amp; Guild, 1856-1858; Worthington, Flanders &amp; Co., 1858-1875; Roland Worthington &amp; Co., 1875-&lt;1876, 1881&gt;.</subfield></datafield><datafield ind1=" " ind2=" " tag="500"><subfield code="a">Editors: F. Andrews, 1855-&lt;1856&gt;; G. Punchard, 1855-1857, 1867-1871; J.B. Morss, &lt;1858-1859&gt;; C.C. Hazewell, &lt;1858-1876&gt;; H.M. Stimson, &lt;1858&gt;-1866; S. Bowles, 1857.</subfield></datafield><datafield ind1=" " ind2=" " tag="580"><subfield code="a">Morning ed.: Boston daily traveller (Boston, Mass. : 1856), &lt;Oct. 1, 1856&gt;-1892.</subfield></datafield><datafield ind1=" " ind2=" " tag="580"><subfield code="a">Evening ed.: Daily evening traveller, 1855-Jan. 31, 1885, and: Boston evening traveller, Feb. 2, 1885-Sept. 30, 1889, and: Boston daily traveller (Boston, Mass. : 1889), Oct. 1, 1889-1892.</subfield></datafield><datafield ind1=" " ind2=" " tag="580"><subfield code="a">Weekly ed.: American traveller (Boston, Mass. : 1855), 1855-&lt;1882&gt;.</subfield></datafield><datafield ind1=" " ind2=" " tag="588"><subfield code="a">Description based on: Vol. 31, no. 43 (Nov. 27, 1855).</subfield></datafield><datafield ind1="1" ind2=" " tag="700"><subfield code="a">Andrews, Ferdinand,</subfield><subfield code="d">1802-1883.</subfield></datafield><datafield ind1="1" ind2=" " tag="700"><subfield code="a">Punchard, Geo.</subfield><subfield code="q">(George),</subfield><subfield code="d">1806-1880.</subfield></datafield><datafield ind1="1" ind2=" " tag="700"><subfield code="a">Bowles, Samuel,</subfield><subfield code="d">1826-1878.</subfield></datafield><datafield ind1=" " ind2=" " tag="752"><subfield code="a">United States</subfield><subfield code="b">Massachusetts</subfield><subfield code="c">Suffolk</subfield><subfield code="d">Boston.</subfield></datafield><datafield ind1="1" ind2=" " tag="775"><subfield code="t">Boston daily traveller (Boston, Mass. : 1856)</subfield><subfield code="w">(DLC)sn 84022236</subfield><subfield code="w">(OCoLC)10358245</subfield></datafield><datafield ind1="1" ind2=" " tag="775"><subfield code="t">Daily evening traveller</subfield><subfield code="w">(DLC)sn 84022235</subfield><subfield code="w">(OCoLC)10358125</subfield></datafield><datafield ind1="1" ind2=" " tag="775"><subfield code="t">Boston evening traveller</subfield><subfield code="w">(DLC)sn 86071161</subfield><subfield code="w">(OCoLC)13223332</subfield></datafield><datafield ind1="1" ind2=" " tag="775"><subfield code="t">Boston daily traveller (Boston, Mass. : 1889)</subfield><subfield code="w">(DLC)sn 86071162</subfield><subfield code="w">(OCoLC)13226375</subfield></datafield><datafield ind1="1" ind2=" " tag="775"><subfield code="t">American traveller (Boston, Mass. : 1855)</subfield><subfield code="w">(DLC)sn 84022242</subfield></datafield><datafield ind1="0" ind2="0" tag="780"><subfield code="t">American semi-weekly traveller (Boston, Mass. : 1851)</subfield><subfield code="w">(DLC)sn 93059270</subfield><subfield code="w">(OCoLC)27872535</subfield></datafield><datafield ind1="0" ind2="5" tag="780"><subfield code="t">Boston semi-weekly Atlas</subfield><subfield code="g">1857</subfield><subfield code="w">(DLC)sn 84022195</subfield><subfield code="w">(OCoLC)10342905</subfield></datafield><datafield ind1="1" ind2=" " tag="029"><subfield code="a">AU@</subfield><subfield code="b">000025815282</subfield></datafield></record>